 @book{oxley1,
   title =     {Matroid theory},
   author =    {James G. Oxley},
   publisher = {Oxford University Press, USA},
   isbn =      {9780198535638; 0198535635},
   year =      {1993},
   series =    {Oxford Science Publications},
   url =       {libgen.li/file.php?md5=05283232868fcfc054fbe71a24b6c3f7}}


 @book{stanley,
   title =     {An introduction to hyperplane arrangements
},
   author =    {Richard P. Stanley},
   publisher = {IAS/Park City Mathematics Series
Volume 00, 0000},
   isbn =      {},
   year =      {2006},
   series =    {},
   url =       {}}

 @book{gordon_mcnulty_2012, place={Cambridge}, title={Matroids: A geometric introduction}, publisher={Cambridge University Press}, author={Gordon, Gary and McNulty, Jennifer}, year={2012}} 

   
   